

@article{codicestrada,
  author = 	 {Ministero delle infrastrutture e dei Trasporti},
  title = 	 {DECRETO LEGISLATIVO 30 aprile 1992, n. 285 Nuovo codice della strada},
  note = {\textsc{url}: \url{https://www.normattiva.it/uri-res/N2Ls?urn:nir:stato:decreto.legislativo:1992-04-30;285!vig=}},
}

@TechReport{UML,
  author = 	 {The Object Management Group (OMG)},
  title = 	 {Unified Modelling Language: Infrastructure, 2011. Version 2.4.1. OMG document: formal/2011-08-05},
  institution =  {{}},
  year = 	 {2011},
  note = {\textsc{url}: \url{http://}},
}
